@InProceedings{C2,
  author = 	 "Jones, C.D. and Smith, A.B. and Roberts, E.F.",
  title =        "Article Title",
  booktitle =        "Proceedings Title",
  organization = "IEEE",
  year = 	 "2003",
  volume = 	 "II",
  pages = 	 "803-806"
}

@article{DBLP:journals/pami/WeiLCSCFZY17,
  author    = {Yunchao Wei and
               Xiaodan Liang and
               Yunpeng Chen and
               Xiaohui Shen and
               Ming{-}Ming Cheng and
               Jiashi Feng and
               Yao Zhao and
               Shuicheng Yan},
  title     = {{STC:} {A} Simple to Complex Framework for Weakly-Supervised Semantic
               Segmentation},
  journal   = {TAPMI},
  volume    = {39},
  number    = {11},
  pages     = {2314--2320},
  year      = {2017},
  url       = {https://doi.org/10.1109/TPAMI.2016.2636150},
  doi       = {10.1109/TPAMI.2016.2636150},
  timestamp = {Mon, 16 Oct 2017 12:55:43 +0200},
  biburl    = {https://dblp.org/rec/bib/journals/pami/WeiLCSCFZY17},
  bibsource = {dblp computer science bibliography, https://dblp.org}
}



@inproceedings{DBLP:conf/icml/HongYKH15,
  author    = {Seunghoon Hong and
               Tackgeun You and
               Suha Kwak and
               Bohyung Han},
  title     = {Online Tracking by Learning Discriminative Saliency Map with Convolutional
               Neural Network},
  booktitle = {Proceedings of the 32nd International Conference on Machine Learning,
               {ICML} 2015, Lille, France, 6-11 July 2015},
  pages     = {597--606},
  year      = {2015},
  crossref  = {DBLP:conf/icml/2015},
  timestamp = {Wed, 29 May 2019 08:41:45 +0200},
  biburl    = {https://dblp.org/rec/bib/conf/icml/HongYKH15},
  bibsource = {dblp computer science bibliography, https://dblp.org}
}

@inproceedings{DBLP:conf/icip/MademlisTP17,
  author    = {Ioannis Mademlis and
               Anastasios Tefas and
               Ioannis Pitas},
  title     = {Summarization of human activity videos using a salient dictionary},
  booktitle = {ICIP},
  pages     = {625--629},
  year      = {2017},
  crossref  = {DBLP:conf/icip/2017},
  url       = {https://doi.org/10.1109/ICIP.2017.8296356},
  doi       = {10.1109/ICIP.2017.8296356},
  timestamp = {Fri, 23 Feb 2018 16:37:53 +0100},
  biburl    = {https://dblp.org/rec/bib/conf/icip/MademlisTP17},
  bibsource = {dblp computer science bibliography, https://dblp.org}
}

@inproceedings{DBLP:conf/cvpr/ZhaoOW13,
  author    = {Rui Zhao and
               Wanli Ouyang and
               Xiaogang Wang},
  title     = {Unsupervised Salience Learning for Person Re-identification},
  booktitle = {CVPR},
  pages     = {3586--3593},
  year      = {2013},
  crossref  = {DBLP:conf/cvpr/2013},
  url       = {https://doi.org/10.1109/CVPR.2013.460},
  doi       = {10.1109/CVPR.2013.460},
  timestamp = {Wed, 22 Nov 2017 11:38:35 +0100},
  biburl    = {https://dblp.org/rec/bib/conf/cvpr/ZhaoOW13},
  bibsource = {dblp computer science bibliography, https://dblp.org}
}

@inproceedings{DBLP:conf/cvpr/LeeTK16,
  author    = {Gayoung Lee and
               Yu{-}Wing Tai and
               Junmo Kim},
  title     = {Deep Saliency with Encoded Low Level Distance Map and High Level Features},
  booktitle = {CVPR},
  pages     = {660--668},
  year      = {2016},
  crossref  = {DBLP:conf/cvpr/2016},
  url       = {https://doi.org/10.1109/CVPR.2016.78},
  doi       = {10.1109/CVPR.2016.78},
  timestamp = {Thu, 25 May 2017 00:41:18 +0200},
  biburl    = {https://dblp.org/rec/bib/conf/cvpr/LeeTK16},
  bibsource = {dblp computer science bibliography, https://dblp.org}
}

@article{DBLP:journals/corr/SimonyanZ14a,
  author    = {Karen Simonyan and
               Andrew Zisserman},
  title     = {Very Deep Convolutional Networks for Large-Scale Image Recognition},
  journal   = {CoRR},
  volume    = {abs/1409.1556},
  year      = {2014},
  url       = {http://arxiv.org/abs/1409.1556},
  archivePrefix = {arXiv},
  eprint    = {1409.1556},
  timestamp = {Mon, 13 Aug 2018 16:46:51 +0200},
  biburl    = {https://dblp.org/rec/bib/journals/corr/SimonyanZ14a},
  bibsource = {dblp computer science bibliography, https://dblp.org}
}

@inproceedings{DBLP:conf/cvpr/LiuH16,
  author    = {Nian Liu and
               Junwei Han},
  title     = {DHSNet: Deep Hierarchical Saliency Network for Salient Object Detection},
  booktitle = {CVPR},
  pages     = {678--686},
  year      = {2016},
  crossref  = {DBLP:conf/cvpr/2016},
  url       = {https://doi.org/10.1109/CVPR.2016.80},
  doi       = {10.1109/CVPR.2016.80},
  timestamp = {Thu, 25 May 2017 00:41:13 +0200},
  biburl    = {https://dblp.org/rec/bib/conf/cvpr/LiuH16},
  bibsource = {dblp computer science bibliography, https://dblp.org}
}

@inproceedings{DBLP:conf/cvpr/HouCHBTT17,
  author    = {Qibin Hou and
               Ming{-}Ming Cheng and
               Xiaowei Hu and
               Ali Borji and
               Zhuowen Tu and
               Philip H. S. Torr},
  title     = {Deeply Supervised Salient Object Detection with Short Connections},
  booktitle = {CVPR},
  pages     = {5300--5309},
  year      = {2017},
  crossref  = {DBLP:conf/cvpr/2017},
  url       = {https://doi.org/10.1109/CVPR.2017.563},
  doi       = {10.1109/CVPR.2017.563},
  timestamp = {Tue, 14 Nov 2017 17:15:06 +0100},
  biburl    = {https://dblp.org/rec/bib/conf/cvpr/HouCHBTT17},
  bibsource = {dblp computer science bibliography, https://dblp.org}
}

@inproceedings{DBLP:conf/iccv/ZhangWLWR17,
  author    = {Pingping Zhang and
               Dong Wang and
               Huchuan Lu and
               Hongyu Wang and
               Xiang Ruan},
  title     = {Amulet: Aggregating Multi-level Convolutional Features for Salient
               Object Detection},
  booktitle = {ICCV},
  pages     = {202--211},
  year      = {2017},
  crossref  = {DBLP:conf/iccv/2017},
  url       = {https://doi.org/10.1109/ICCV.2017.31},
  doi       = {10.1109/ICCV.2017.31},
  timestamp = {Wed, 11 Jul 2018 07:03:49 +0200},
  biburl    = {https://dblp.org/rec/bib/conf/iccv/ZhangWLWR17},
  bibsource = {dblp computer science bibliography, https://dblp.org}
}

@inproceedings{DBLP:conf/cvpr/Chollet17,
  author    = {Fran{\c{c}}ois Chollet},
  title     = {Xception: Deep Learning with Depthwise Separable Convolutions},
  booktitle = {CVPR},
  pages     = {1800--1807},
  year      = {2017},
  crossref  = {DBLP:conf/cvpr/2017},
  url       = {https://doi.org/10.1109/CVPR.2017.195},
  doi       = {10.1109/CVPR.2017.195},
  timestamp = {Tue, 14 Nov 2017 17:15:06 +0100},
  biburl    = {https://dblp.org/rec/bib/conf/cvpr/Chollet17},
  bibsource = {dblp computer science bibliography, https://dblp.org}
}

@article{DBLP:journals/corr/abs-1802-06960,
  author    = {Pingping Zhang and
               Luyao Wang and
               Dong Wang and
               Huchuan Lu and
               Chunhua Shen},
  title     = {Agile Amulet: Real-Time Salient Object Detection with Contextual Attention},
  journal   = {CoRR},
  volume    = {abs/1802.06960},
  year      = {2018},
  url       = {http://arxiv.org/abs/1802.06960},
  archivePrefix = {arXiv},
  eprint    = {1802.06960},
  timestamp = {Mon, 13 Aug 2018 16:47:19 +0200},
  biburl    = {https://dblp.org/rec/bib/journals/corr/abs-1802-06960},
  bibsource = {dblp computer science bibliography, https://dblp.org}
}

@article{DBLP:journals/corr/abs-1709-01507,
  author    = {Jie Hu and
               Li Shen and
               Gang Sun},
  title     = {Squeeze-and-Excitation Networks},
  journal   = {CoRR},
  volume    = {abs/1709.01507},
  year      = {2017},
  url       = {http://arxiv.org/abs/1709.01507},
  archivePrefix = {arXiv},
  eprint    = {1709.01507},
  timestamp = {Mon, 13 Aug 2018 16:47:05 +0200},
  biburl    = {https://dblp.org/rec/bib/journals/corr/abs-1709-01507},
  bibsource = {dblp computer science bibliography, https://dblp.org}
}


@inproceedings{DBLP:conf/cvpr/HeZRS16,
  author    = {Kaiming He and
               Xiangyu Zhang and
               Shaoqing Ren and
               Jian Sun},
  title     = {Deep Residual Learning for Image Recognition},
  booktitle = {CVPR},
  pages     = {770--778},
  year      = {2016},
  crossref  = {DBLP:conf/cvpr/2016},
  url       = {https://doi.org/10.1109/CVPR.2016.90},
  doi       = {10.1109/CVPR.2016.90},
  timestamp = {Thu, 25 May 2017 00:41:26 +0200},
  biburl    = {https://dblp.org/rec/bib/conf/cvpr/HeZRS16},
  bibsource = {dblp computer science bibliography, https://dblp.org}
}

@inproceedings{DBLP:conf/icml/IoffeS15,
  author    = {Sergey Ioffe and
               Christian Szegedy},
  title     = {Batch Normalization: Accelerating Deep Network Training by Reducing
               Internal Covariate Shift},
  booktitle = {ICML},
  pages     = {448--456},
  year      = {2015},
  crossref  = {DBLP:conf/icml/2015},
  url       = {http://jmlr.org/proceedings/papers/v37/ioffe15.html},
  timestamp = {Wed, 29 Mar 2017 16:45:25 +0200},
  biburl    = {https://dblp.org/rec/bib/conf/icml/IoffeS15},
  bibsource = {dblp computer science bibliography, https://dblp.org}
}

@article{DBLP:journals/ijcv/XieT17,
  author    = {Saining Xie and
               Zhuowen Tu},
  title     = {Holistically-Nested Edge Detection},
  journal   = {IJCV},
  volume    = {125},
  number    = {1-3},
  pages     = {3--18},
  year      = {2017},
  url       = {https://doi.org/10.1007/s11263-017-1004-z},
  doi       = {10.1007/s11263-017-1004-z},
  timestamp = {Mon, 20 Nov 2017 16:24:50 +0100},
  biburl    = {https://dblp.org/rec/bib/journals/ijcv/XieT17},
  bibsource = {dblp computer science bibliography, https://dblp.org}
}


@article{DBLP:journals/tip/BorjiCJL15,
  author    = {Ali Borji and
               Ming{-}Ming Cheng and
               Huaizu Jiang and
               Jia Li},
  title     = {Salient Object Detection: {A} Benchmark},
  journal   = {TIP},
  volume    = {24},
  number    = {12},
  pages     = {5706--5722},
  year      = {2015},
  url       = {https://doi.org/10.1109/TIP.2015.2487833},
  doi       = {10.1109/TIP.2015.2487833},
  timestamp = {Thu, 08 Jun 2017 09:02:02 +0200},
  biburl    = {https://dblp.org/rec/bib/journals/tip/BorjiCJL15},
  bibsource = {dblp computer science bibliography, https://dblp.org}
}

@article{DBLP:journals/pami/ShiYXJ16,
  author    = {Jianping Shi and
               Qiong Yan and
               Li Xu and
               Jiaya Jia},
  title     = {Hierarchical Image Saliency Detection on Extended {CSSD}},
  journal   = {TPAMI},
  volume    = {38},
  number    = {4},
  pages     = {717--729},
  year      = {2016},
  url       = {https://doi.org/10.1109/TPAMI.2015.2465960},
  doi       = {10.1109/TPAMI.2015.2465960},
  timestamp = {Tue, 12 Sep 2017 09:52:34 +0200},
  biburl    = {https://dblp.org/rec/bib/journals/pami/ShiYXJ16},
  bibsource = {dblp computer science bibliography, https://dblp.org}
}

@inproceedings{DBLP:conf/cvpr/YangZLRY13,
  author    = {Chuan Yang and
               Lihe Zhang and
               Huchuan Lu and
               Xiang Ruan and
               Ming{-}Hsuan Yang},
  title     = {Saliency Detection via Graph-Based Manifold Ranking},
  booktitle = {CVPR},
  pages     = {3166--3173},
  year      = {2013},
  crossref  = {DBLP:conf/cvpr/2013},
  url       = {https://doi.org/10.1109/CVPR.2013.407},
  doi       = {10.1109/CVPR.2013.407},
  timestamp = {Thu, 15 Jun 2017 21:35:57 +0200},
  biburl    = {https://dblp.org/rec/bib/conf/cvpr/YangZLRY13},
  bibsource = {dblp computer science bibliography, https://dblp.org}
}

@inproceedings{DBLP:conf/cvpr/LiY15,
  author    = {Guanbin Li and
               Yizhou Yu},
  title     = {Visual saliency based on multiscale deep features},
  booktitle = {CVPR},
  pages     = {5455--5463},
  year      = {2015},
  crossref  = {DBLP:conf/cvpr/2015},
  url       = {https://doi.org/10.1109/CVPR.2015.7299184},
  doi       = {10.1109/CVPR.2015.7299184},
  timestamp = {Thu, 25 May 2017 00:41:15 +0200},
  biburl    = {https://dblp.org/rec/bib/conf/cvpr/LiY15},
  bibsource = {dblp computer science bibliography, https://dblp.org}
}


@inproceedings{DBLP:conf/iccv/ZhangWLWR17,
  author    = {Pingping Zhang and
               Dong Wang and
               Huchuan Lu and
               Hongyu Wang and
               Xiang Ruan},
  title     = {Amulet: Aggregating Multi-level Convolutional Features for Salient
               Object Detection},
  booktitle = {ICCV},
  pages     = {202--211},
  year      = {2017},
  crossref  = {DBLP:conf/iccv/2017},
  url       = {https://doi.org/10.1109/ICCV.2017.31},
  doi       = {10.1109/ICCV.2017.31},
  timestamp = {Wed, 11 Jul 2018 07:03:49 +0200},
  biburl    = {https://dblp.org/rec/bib/conf/iccv/ZhangWLWR17},
  bibsource = {dblp computer science bibliography, https://dblp.org}
}

@inproceedings{DBLP:conf/iccv/ZhangWLWY17,
  author    = {Pingping Zhang and
               Dong Wang and
               Huchuan Lu and
               Hongyu Wang and
               Baocai Yin},
  title     = {Learning Uncertain Convolutional Features for Accurate Saliency Detection},
  booktitle = {ICCV},
  pages     = {212--221},
  year      = {2017},
  crossref  = {DBLP:conf/iccv/2017},
  url       = {https://doi.org/10.1109/ICCV.2017.32},
  doi       = {10.1109/ICCV.2017.32},
  timestamp = {Wed, 11 Jul 2018 07:03:51 +0200},
  biburl    = {https://dblp.org/rec/bib/conf/iccv/ZhangWLWY17},
  bibsource = {dblp computer science bibliography, https://dblp.org}
}

@inproceedings{DBLP:conf/cvpr/LiY16,
  author    = {Guanbin Li and
               Yizhou Yu},
  title     = {Deep Contrast Learning for Salient Object Detection},
  booktitle = {CVPR},
  pages     = {478--487},
  year      = {2016},
  crossref  = {DBLP:conf/cvpr/2016},
  url       = {https://doi.org/10.1109/CVPR.2016.58},
  doi       = {10.1109/CVPR.2016.58},
  timestamp = {Thu, 25 May 2017 00:41:12 +0200},
  biburl    = {https://dblp.org/rec/bib/conf/cvpr/LiY16},
  bibsource = {dblp computer science bibliography, https://dblp.org}
}

@inproceedings{DBLP:conf/cvpr/LiuH16,
  author    = {Nian Liu and
               Junwei Han},
  title     = {DHSNet: Deep Hierarchical Saliency Network for Salient Object Detection},
  booktitle = {CVPR},
  pages     = {678--686},
  year      = {2016},
  crossref  = {DBLP:conf/cvpr/2016},
  url       = {https://doi.org/10.1109/CVPR.2016.80},
  doi       = {10.1109/CVPR.2016.80},
  timestamp = {Thu, 25 May 2017 00:41:13 +0200},
  biburl    = {https://dblp.org/rec/bib/conf/cvpr/LiuH16},
  bibsource = {dblp computer science bibliography, https://dblp.org}
}

@inproceedings{DBLP:conf/eccv/WangWLZR16,
  author    = {Linzhao Wang and
               Lijun Wang and
               Huchuan Lu and
               Pingping Zhang and
               Xiang Ruan},
  title     = {Saliency Detection with Recurrent Fully Convolutional Networks},
  booktitle = {ECCV},
  pages     = {825--841},
  year      = {2016},
  crossref  = {DBLP:conf/eccv/2016-4},
  url       = {https://doi.org/10.1007/978-3-319-46493-0\_50},
  doi       = {10.1007/978-3-319-46493-0\_50},
  timestamp = {Fri, 19 May 2017 01:25:57 +0200},
  biburl    = {https://dblp.org/rec/bib/conf/eccv/WangWLZR16},
  bibsource = {dblp computer science bibliography, https://dblp.org}
}

@inproceedings{DBLP:conf/cvpr/TuHYC16,
  author    = {Wei{-}Chih Tu and
               Shengfeng He and
               Qingxiong Yang and
               Shao{-}Yi Chien},
  title     = {Real-Time Salient Object Detection with a Minimum Spanning Tree},
  booktitle = {CVPR},
  pages     = {2334--2342},
  year      = {2016},
  crossref  = {DBLP:conf/cvpr/2016},
  url       = {https://doi.org/10.1109/CVPR.2016.256},
  doi       = {10.1109/CVPR.2016.256},
  timestamp = {Thu, 25 May 2017 00:41:24 +0200},
  biburl    = {https://dblp.org/rec/bib/conf/cvpr/TuHYC16},
  bibsource = {dblp computer science bibliography, https://dblp.org}
}

@article{DBLP:journals/tip/Lu0ZRY16,
  author    = {Huchuan Lu and
               Xiaohui Li and
               Lihe Zhang and
               Xiang Ruan and
               Ming{-}Hsuan Yang},
  title     = {Dense and Sparse Reconstruction Error Based Saliency Descriptor},
  journal   = {TIP},
  volume    = {25},
  number    = {4},
  pages     = {1592--1603},
  year      = {2016},
  url       = {https://doi.org/10.1109/TIP.2016.2524198},
  doi       = {10.1109/TIP.2016.2524198},
  timestamp = {Fri, 26 May 2017 22:51:40 +0200},
  biburl    = {https://dblp.org/rec/bib/journals/tip/Lu0ZRY16},
  bibsource = {dblp computer science bibliography, https://dblp.org}
}

@inproceedings{DBLP:conf/osdi/AbadiBCCDDDGIIK16,
  author    = {Mart{\'{\i}}n Abadi and
               Paul Barham and
               Jianmin Chen et. al.},
  title     = {TensorFlow: {A} System for Large-Scale Machine Learning},
  booktitle = {OSDI},
  pages     = {265--283},
  year      = {2016},
  crossref  = {DBLP:conf/osdi/2016},
  url       = {https://www.usenix.org/conference/osdi16/technical-sessions/presentation/abadi},
  timestamp = {Wed, 01 Aug 2018 19:29:18 +0200},
  biburl    = {https://dblp.org/rec/bib/conf/osdi/AbadiBCCDDDGIIK16},
  bibsource = {dblp computer science bibliography, https://dblp.org}
}

@inproceedings{DBLP:conf/cvpr/HeFLCLCC12,
  author    = {Junfeng He and
               Jinyuan Feng and
               Xianglong Liu and
               Tao Cheng and
               Tai{-}Hsu Lin and
               Hyunjin Chung and
               Shih{-}Fu Chang},
  title     = {Mobile product search with Bag of Hash Bits and boundary reranking},
  booktitle = {2012 {IEEE} Conference on Computer Vision and Pattern Recognition,
               Providence, RI, USA, June 16-21, 2012},
  pages     = {3005--3012},
  year      = {2012},
  crossref  = {DBLP:conf/cvpr/2012},
  doi       = {10.1109/CVPR.2012.6248030},
  timestamp = {Thu, 25 May 2017 00:41:26 +0200},
  biburl    = {https://dblp.org/rec/bib/conf/cvpr/HeFLCLCC12},
  bibsource = {dblp computer science bibliography, https://dblp.org}
}

@article{DBLP:journals/pami/MahadevanV13,
  author    = {Vijay Mahadevan and
               Nuno Vasconcelos},
  title     = {Biologically Inspired Object Tracking Using Center-Surround Saliency
               Mechanisms},
  journal   = {{IEEE} Trans. Pattern Anal. Mach. Intell.},
  volume    = {35},
  number    = {3},
  pages     = {541--554},
  year      = {2013},
  url       = {https://doi.org/10.1109/TPAMI.2012.98},
  doi       = {10.1109/TPAMI.2012.98},
  timestamp = {Wed, 14 Nov 2018 10:51:24 +0100},
  biburl    = {https://dblp.org/rec/bib/journals/pami/MahadevanV13},
  bibsource = {dblp computer science bibliography, https://dblp.org}
}